@misc{coq,
  title = "The {Coq} Reference Manual -- Release 8.19.0",
  author = "{The Coq Development Team}",
  year = "2024",
  howpublished = "\url{https://coq.inria.fr/doc/V8.19.0/refman}"
}

@misc{arend,
  title = "Arend Theorem Prover",
  author = "Arend",
  year = "2023",
  howpublished = "\url{https://arend-lang.github.io}"
}

@InProceedings{lean,
  author="Moura, Leonardo de and Ullrich, Sebastian",
  editor="Platzer, Andr{\'e} and Sutcliffe, Geoff",
  title="The Lean 4 Theorem Prover and Programming Language",
  booktitle="Automated Deduction -- CADE 28",
  year="2021",
  publisher="Springer International Publishing",
  address="Cham",
  pages="625--635",
  isbn="978-3-030-79876-5"
}

@Book{agda,
    author = {Philip Wadler and Wen Kokke and Jeremy G. Siek},
    title  = {Programming Language Foundations in {A}gda},
    year   = {2022},
    month  = aug,
    url    = {https://plfa.inf.ed.ac.uk/22.08/},
}

@book{mltt,
  author = {Per Martin{-}L\"{o}f},
  editor = {},
  publisher = {Bibliopolis},
  title = {Intuitionistic Type Theory},
  year = {1980}
}

@InProceedings{bidir,
  author="Felicissimo, Thiago",
  editor="Weirich, Stephanie",
  title="Generic bidirectional typing for dependent type theories",
  booktitle="Programming Languages and Systems",
  year="2024",
  publisher="Springer Nature Switzerland",
  address="Cham",
  pages="143--170",
  isbn="978-3-031-57262-3"
}

@inproceedings{haskell,
  author = {Teegen, Finn and Prott, Kai-Oliver and Bunkenburg, Niels},
  title = {{Haskell$^{-1}$}: automatic function inversion in Haskell},
  year = {2021},
  isbn = {9781450386159},
  publisher = {Association for Computing Machinery},
  address = {New York, NY, USA},
  url = {https://doi.org/10.1145/3471874.3472982},
  doi = {10.1145/3471874.3472982},
  booktitle = {Proceedings of the 14th ACM SIGPLAN International Symposium on Haskell},
  pages = {41â€“55},
  numpages = {15},
  keywords = {GHC plugin, Haskell, inversion, monadic transformation, partial inversion, pattern matching},
  location = {Virtual, Republic of Korea},
  series = {Haskell 2021}
}
